@Book{Patriksson1994,
  author    = {Patriksson, M.},
  publisher = {VSP BV.},
  title     = {{The traffic assignment problem: models and methods}},
  year      = {1994},
  address   = {Utrecht, Netherlands},
  isbn      = {9067641812},
  pages     = {xii, 223 p.},
}

@Article{zhang2020,
  author  = {张三 and 李四 and 王五 and 赵六},
  journal = {某某著名杂志},
  title   = {博士论文模板和博士论文贡献的比较研究},
  year    = {2021},
  issn    = {00000000},
  number  = {1},
  pages   = {0-1},
  volume  = {1},
  language  = {zh},
}

@Article{Rosenthal1973,
  author  = {Rosenthal, R. W.},
  journal = {Networks},
  title   = {{The network equilibrium problem in integers}},
  year    = {1973},
  issn    = {00283045},
  number  = {1},
  pages   = {53-59},
  volume  = {3},
}

@online{wangye2020,
	url = {https://github.com/gzzang/bjtu_template},
	year = {2022},
  citedate = {2022-03-17},
	title = {《北京交通大学博士学位论文Latex模板》},
}

